@online{Birgi09,
author = {Birgi Tamersoy},
title = {Background Subtraction},
date = {September 29, 2009.},
url = {http://www.cs.utexas.edu/~grauman/courses/fall2009/slides/lecture9_background.pdf},
organization = {The University of Texas at Austin},
}
@INPROCEEDINGS{Shi94,
author={Shi, J. and Tomasi, C.},
booktitle={Computer Vision and Pattern Recognition, 1994. Proceedings CVPR '94., 1994 IEEE Computer Society Conference on},
title={Good features to track},
year={1994},
month={Jun},
pages={593-600},
keywords={computer vision;feature extraction;tracking;Newton-Raphson style search methods;affine image transformations;disocclusions;feature monitoring;feature selection;feature-based;occlusions;performance;tracker;tracking;vision system;Feature extraction;Machine vision;Tracking},
doi={10.1109/CVPR.1994.323794},
ISSN={1063-6919},}
@inproceedings{tommasini1998making,
  title={Making good features track better},
  author={Tommasini, Tiziano and Fusiello, Andrea and Trucco, Emanuele and Roberto, Vito},
  booktitle={Computer Vision and Pattern Recognition, 1998. Proceedings. 1998 IEEE Computer Society Conference on},
  pages={178--183},
  year={1998},
  organization={IEEE}
}

@inproceedings{harris1988combined,
  title={A combined corner and edge detector.},
  author={Harris, Chris and Stephens, Mike},
  booktitle={Alvey vision conference},
  volume={15},
  pages={50},
  year={1988},
  organization={Manchester, UK}
}